@book{Schach,
author = {Ã–hner},
title = {Das Schachspiel},
year = {1944},
@book{HIT,
author = {Mentzer},
title = {1 Minute},
year = {1998},}
@book{HIT,
author = {Mentzer},
title = {Minutes},
year = {1975},}
@book{hyp,
author = {Tepperwein},
title = {Hypnose},
year = {2001},}

